%% This BibTeX bibliography file was created using BibDesk.
%% http://bibdesk.sourceforge.net/

%% Created for Jason Jia at 2018-06-24 20:45:07 +0800 


%% Saved with string encoding Unicode (UTF-8) 
@article{NS-PINN,
   title={NSFnets (Navier-Stokes flow nets): Physics-informed neural networks for the incompressible Navier-Stokes equations},
   volume={426},
   ISSN={0021-9991},
   url={http://dx.doi.org/10.1016/j.jcp.2020.109951},
   DOI={10.1016/j.jcp.2020.109951},
   journal={Journal of Computational Physics},
   publisher={Elsevier BV},
   author={Jin, Xiaowei and Cai, Shengze and Li, Hui and Karniadakis, George Em},
   year={2021},
   month={Feb},
   pages={109951}
}


@article{PINN,
  title={Physics-informed neural networks: A deep learning framework for solving forward and inverse problems involving nonlinear partial differential equations},
  author={Raissi, Maziar and Perdikaris, Paris and Karniadakis, George E},
  journal={Journal of Computational Physics},
  volume={378},
  pages={686--707},
  year={2019},
  publisher={Elsevier}
}


@misc{DeepRitz,
      title={The Deep Ritz method: A deep learning-based numerical algorithm for solving variational problems}, 
      author={Weinan E and Bing Yu},
      year={2017},
      eprint={1710.00211},
      archivePrefix={arXiv},
      primaryClass={cs.LG}
}

@article{DGM,
   title={DGM: A deep learning algorithm for solving partial differential equations},
   volume={375},
   ISSN={0021-9991},
   url={http://dx.doi.org/10.1016/j.jcp.2018.08.029},
   DOI={10.1016/j.jcp.2018.08.029},
   journal={Journal of Computational Physics},
   publisher={Elsevier BV},
   author={Sirignano, Justin and Spiliopoulos, Konstantinos},
   year={2018},
   month={Dec},
   pages={1339â€“1364}
}

@misc{ResNet,
      title={Deep Residual Learning for Image Recognition}, 
      author={Kaiming He and Xiangyu Zhang and Shaoqing Ren and Jian Sun},
      year={2015},
      eprint={1512.03385},
      archivePrefix={arXiv},
      primaryClass={cs.CV}
}


@article{LBFGS,
  title={On the limited memory BFGS method for large scale optimization},
  author={Liu, Dong C and Nocedal, Jorge},
  journal={Mathematical programming},
  volume={45},
  number={1},
  pages={503--528},
  year={1989},
  publisher={Springer}
}

@article{spectral,
  title={Spectral and finite difference solutions of the Burgers equation},
  author={Basdevant, Cea and Deville, M and Haldenwang, P and Lacroix, JM and Ouazzani, J and Peyret, R and Orlandi, Paolo and Patera, AT},
  journal={Computers \& fluids},
  volume={14},
  number={1},
  pages={23--41},
  year={1986},
  publisher={Elsevier}
}


@article{kingma2014adam,
	Author = {Kingma, Diederik P and Ba, Jimmy},
	Date-Added = {2018-06-24 12:12:45 +0000},
	Date-Modified = {2018-06-24 12:12:45 +0000},
	Journal = {arXiv preprint arXiv:1412.6980},
	Title = {Adam: A method for stochastic optimization},
	Year = {2014}}

@inproceedings{he2016deep,
	Author = {He, Kaiming and Zhang, Xiangyu and Ren, Shaoqing and Sun, Jian},
	Booktitle = {Proceedings of the IEEE conference on computer vision and pattern recognition},
	Date-Added = {2018-06-24 12:08:46 +0000},
	Date-Modified = {2018-06-24 12:08:46 +0000},
	Pages = {770--778},
	Title = {Deep residual learning for image recognition},
	Year = {2016}}

@article{beck2017machine,
	Author = {Beck, Christian and Jentzen, Arnulf and others},
	Date-Added = {2018-06-23 07:21:01 +0000},
	Date-Modified = {2018-06-23 07:21:01 +0000},
	Journal = {arXiv preprint arXiv:1709.05963},
	Title = {Machine learning approximation algorithms for high-dimensional fully nonlinear partial differential equations and second-order backward stochastic differential equations},
	Year = {2017}}

@article{weinan2017deep,
	Author = {Weinan, E and Han, Jiequn and Jentzen, Arnulf},
	Date-Added = {2018-06-23 07:19:43 +0000},
	Date-Modified = {2018-06-23 07:19:43 +0000},
	Journal = {Communications in Mathematics and Statistics},
	Number = {4},
	Pages = {349--380},
	Publisher = {Springer},
	Title = {Deep learning-based numerical methods for high-dimensional parabolic partial differential equations and backward stochastic differential equations},
	Volume = {5},
	Year = {2017}}

@article{1707.02568,
	Author = {Jiequn Han and Arnulf Jentzen and E Weinan},
	Date-Added = {2018-06-23 07:18:01 +0000},
	Date-Modified = {2018-06-23 07:18:36 +0000},
	Eprint = {arXiv:1707.02568},
	Journal = {arXiv preprint arXiv:1707.02568},
	Title = {Solving high-dimensional partial differential equations using deep learning},
	Year = {2017}}

@article{yu2017deep,
	Author = {Yu, Bing and others},
	Date-Added = {2018-06-23 07:07:50 +0000},
	Date-Modified = {2018-06-23 07:07:50 +0000},
	Journal = {arXiv preprint arXiv:1710.00211},
	Title = {The Deep Ritz method: A deep learning-based numerical algorithm for solving variational problems},
	Year = {2017}}

@article{lecun2015deep,
	Author = {LeCun, Yann and Bengio, Yoshua and Hinton, Geoffrey},
	Date-Added = {2018-06-23 06:58:48 +0000},
	Date-Modified = {2018-06-23 06:58:48 +0000},
	Journal = {nature},
	Number = {7553},
	Pages = {436},
	Publisher = {Nature Publishing Group},
	Title = {Deep learning},
	Volume = {521},
	Year = {2015}}

@book{evans1998partial,
	Author = {Evans, L.C. and American Mathematical Society},
	Date-Added = {2018-06-23 06:49:17 +0000},
	Date-Modified = {2018-06-23 06:49:17 +0000},
	Isbn = {9780821807729},
	Lccn = {97041033},
	Publisher = {American Mathematical Society},
	Series = {Graduate studies in mathematics},
	Title = {Partial Differential Equations},
	Url = {https://books.google.com/books?id=5Pv4LVB\_m8AC},
	Year = {1998},
	Bdsk-Url-1 = {https://books.google.com/books?id=5Pv4LVB%5C_m8AC}}

@book{versteeg2007introduction,
	Author = {Versteeg, Henk Kaarle and Malalasekera, Weeratunge},
	Date-Added = {2018-06-23 06:44:00 +0000},
	Date-Modified = {2018-06-23 06:44:00 +0000},
	Publisher = {Pearson Education},
	Title = {An introduction to computational fluid dynamics: the finite volume method},
	Year = {2007}}

@book{strikwerda2004finite,
	Author = {Strikwerda, John C},
	Date-Added = {2018-06-23 06:42:50 +0000},
	Date-Modified = {2018-06-23 06:42:50 +0000},
	Publisher = {Siam},
	Title = {Finite difference schemes and partial differential equations},
	Volume = {88},
	Year = {2004}}

@book{brenner2007mathematical,
	Author = {Brenner, Susanne and Scott, Ridgway},
	Date-Added = {2018-06-22 12:49:02 +0000},
	Date-Modified = {2018-06-22 12:49:02 +0000},
	Publisher = {Springer Science \& Business Media},
	Title = {The mathematical theory of finite element methods},
	Volume = {15},
	Year = {2007}}

@inproceedings{goodfellow2014generative,
	Author = {Goodfellow, Ian and Pouget-Abadie, Jean and Mirza, Mehdi and Xu, Bing and Warde-Farley, David and Ozair, Sherjil and Courville, Aaron and Bengio, Yoshua},
	Booktitle = {Advances in neural information processing systems},
	Date-Added = {2018-06-22 12:40:06 +0000},
	Date-Modified = {2018-06-22 12:40:06 +0000},
	Pages = {2672--2680},
	Title = {Generative adversarial nets},
	Year = {2014}}

@inproceedings{konda2000actor,
	Author = {Konda, Vijay R and Tsitsiklis, John N},
	Booktitle = {Advances in neural information processing systems},
	Date-Added = {2018-06-22 12:37:52 +0000},
	Date-Modified = {2018-06-22 12:37:52 +0000},
	Pages = {1008--1014},
	Title = {Actor-critic algorithms},
	Year = {2000}}
