@misc{DeepRitz,
      title={The Deep Ritz method: A deep learning-based numerical algorithm for solving variational problems}, 
      author={Weinan E and Bing Yu},
      year={2017},
      eprint={1710.00211},
      archivePrefix={arXiv},
      primaryClass={cs.LG}
}

@article{DGM,
   title={DGM: A deep learning algorithm for solving partial differential equations},
   volume={375},
   ISSN={0021-9991},
   url={http://dx.doi.org/10.1016/j.jcp.2018.08.029},
   DOI={10.1016/j.jcp.2018.08.029},
   journal={Journal of Computational Physics},
   publisher={Elsevier BV},
   author={Sirignano, Justin and Spiliopoulos, Konstantinos},
   year={2018},
   month={Dec},
   pages={1339â€“1364}
}

@article{PINN,
  title={Physics-informed neural networks: A deep learning framework for solving forward and inverse problems involving nonlinear partial differential equations},
  author={Raissi, Maziar and Perdikaris, Paris and Karniadakis, George E},
  journal={Journal of Computational Physics},
  volume={378},
  pages={686--707},
  year={2019},
  publisher={Elsevier}
}

@misc{FT_embedding,
      title={On the eigenvector bias of Fourier feature networks: From regression to solving multi-scale PDEs with physics-informed neural networks}, 
      author={Sifan Wang and Hanwen Wang and Paris Perdikaris},
      year={2020},
      eprint={2012.10047},
      archivePrefix={arXiv},
      primaryClass={cs.LG}
}

 @Article{Compare, author = {Chen , Jingrun and Du , Rui and Wu , Keke}, title = {A Comparison Study of Deep Galerkin Method and Deep Ritz Method for Elliptic Problems with Different Boundary Conditions}, journal = {Communications in Mathematical Research }, year = {2020}, volume = {36}, number = {3}, pages = {354--376}, issn = {2707-8523}, doi = {https://doi.org/10.4208/cmr.2020-0051}, url = {http://global-sci.org/intro/article_detail/cmr/17853.html} }

@article{Penalty_free,
   title={PFNN: A penalty-free neural network method for solving a class of second-order boundary-value problems on complex geometries},
   volume={428},
   ISSN={0021-9991},
   url={http://dx.doi.org/10.1016/j.jcp.2020.110085},
   DOI={10.1016/j.jcp.2020.110085},
   journal={Journal of Computational Physics},
   publisher={Elsevier BV},
   author={Sheng, Hailong and Yang, Chao},
   year={2021},
   month={Mar},
   pages={110085}
}
